@misc{1,
  title = {Android Studio},
  howpublished = {\url{https://developer.android.com/studio}}
}

@misc{2,
  title = {Firebase},
  howpublished = {\url{https://firebase.google.com/}}
}

@misc{3,
  title = {Firebase Realtime Database},
  howpublished = {\url{https://firebase.google.com/docs/database}}
}

@misc{4,
  title = {Jetpack Compose},
  howpublished = {\url{https://developer.android.com/jetpack/compose}}
}

@misc{5,
  title = {Kotlin},
  howpublished = {\url{https://kotlinlang.org/docs/home.html}}
}

